<?xml version="1.0" encoding="UTF-8"?><record xmlns="http://www.loc.gov/MARC21/slim" xmlns:cinclude="http://apache.org/cocoon/include/1.0" xmlns:zs="http://www.loc.gov/zing/srw/">
  <leader>00718cz  a2200181n  4500</leader>
  <controlfield tag="001">no 93030951 </controlfield>
  <controlfield tag="003">DLC</controlfield>
  <controlfield tag="005">20090322075343.0</controlfield>
  <controlfield tag="008">931018n| acannaabn          |a aaa     c</controlfield>
  <datafield tag="010" ind1=" " ind2=" ">
    <subfield code="a">no 93030951 </subfield>
  </datafield>
  <datafield tag="035" ind1=" " ind2=" ">
    <subfield code="a">(OCoLC)oca03479218</subfield>
  </datafield>
  <datafield tag="040" ind1=" " ind2=" ">
    <subfield code="a">DJBF</subfield>
    <subfield code="b">eng</subfield>
    <subfield code="c">DJBF</subfield>
    <subfield code="d">DJBF</subfield>
    <subfield code="d">MdSsNOAA</subfield>
  </datafield>
  <datafield tag="100" ind1="0" ind2=" ">
    <subfield code="a">Somsak Bahromtanarat</subfield>
  </datafield>
  <datafield tag="400" ind1="1" ind2=" ">
    <subfield code="a">Bahromtanarat, Somsak</subfield>
  </datafield>
  <datafield tag="400" ind1="0" ind2=" ">
    <subfield code="a">Somsak Boromthanarat</subfield>
  </datafield>
  <datafield tag="670" ind1=" " ind2=" ">
    <subfield code="a">Shellfish culture in Southeast Asia, 1987:</subfield>
    <subfield code="b">t.p. (Somsak Bahromtanarat)</subfield>
  </datafield>
  <datafield tag="670" ind1=" " ind2=" ">
    <subfield code="a">Integrated coastal resources management in Pathew District (ICRM-PD), 2007:</subfield>
    <subfield code="b">t.p. (Somsak Boromthanarat)</subfield>
  </datafield>
  <datafield tag="670" ind1=" " ind2=" ">
    <subfield code="a">Phone call from author, Mar. 20, 2009: (name can be spelled as either 'Somsak Bahromtanarat' or 'Somsak Boromthanarat')</subfield>
  </datafield>
</record>